@misc{
    face_recognition,
    author = {Adam Geitgey},
    title = {Face Recognition},
    year = {2018},
    publisher = {GitHub},
    journal = {GitHub repository},
    howpublished = {\url{https://github.com/ageitgey/face_recognition}}
}

@misc{
    tmdb-api,
    author = "Reference",
    title = "The Movie Database API {[online]}",
    type = "web page",
    note = {\url{https://developers.themoviedb.org} (visited: 2018-05-01)}
}
@article{
    Rothe-IJCV-2016,
    author = {Rasmus Rothe and Radu Timofte and Luc Van Gool},
    title = {Deep expectation of real and apparent age from a single image without facial landmarks},
    journal = {International Journal of Computer Vision (IJCV)},
    year = {2016},
    month = {July},
    note ={\url {"https://data.vision.ee.ethz.ch/cvl/rrothe/imdb-wiki/"} (visited: 2018-05-01)}
}
